@book{latexcompanion,
	title = {The LaTeX Companion},
	author = {Frank Mittelbach and Michel Goossens and Johannes Braams and David Carlisle and Chris Rowley},
	edition = {2},
	month = {April},
	note = {ISBN-10: 0201362996
ISBN-13: 978-0201362992},
	publisher = {Addison-Wesley},
	year = {2004},
}

