@Book{ macwhinney2000,
	title = "The CHILDES Project: Tools for Analyzing Talk",
	author = "Brian MacWhinney",
	publisher = "Lawrence Erlbaum Associates",
	year = "2000"
}

@Article{ leipzig2008,
	title = "Leipzig glossing rules: Conventions for interlinear morpheme-by-morpheme glosses",
	author = "B Comrie and M Haspelmath and B Bickel",
	year = "2008",
	journal = "http://eva.mpg.de/lingua/resources/glossing-rules.php"
}

@Book{ stammers2010,
	title = "The Integration of English-origin Verbs into Welsh: A Contribution to the Debate over Distinguishing between Code-switching and Lexical Borrowing",
	author = "Jonathan Stammers",
	publisher = "Verlag Dr. MÅ±ller",
	year = "2010"
}

@Article{ streiter2006,
	title = "Implementing {NLP} projects for non-central languages: instructions for funding bodies, strategies for developers",
	author = "O Streiter and K Scannell and M Stuflesser",
	journal = "Machine Translation",
	volume = "20",
	number = "4",
	year = "2006"
}

@InProceedings{ antonsen2010,
	author = "Lene Antonsen and Trond Trosterud and Linda Wiechetek",
	title = "Reusing Grammatical Resources for New Languages",
	booktitle = "Proceedings of the Seventh Conference on International Language Resources and Evaluation (LREC-10)",
	year = "2010",
	publisher = "European Language Resources Association"
}

